[gd_scene load_steps=13 format=3 uid="uid://cg0v2la413g48"]

[ext_resource type="Texture2D" uid="uid://chddoeockfn2n" path="res://textures/floor-ceiling/flat20.png" id="1_dx73l"]
[ext_resource type="Texture2D" uid="uid://c58u76s5ge2mx" path="res://textures/walls-switches/door2_1.png" id="2_1grr8"]
[ext_resource type="Script" path="res://Scripts/Door.gd" id="3_bpybx"]
[ext_resource type="PackedScene" uid="uid://dlrvpfcu0io7w" path="res://Objects/Door.blend" id="4_3eucv"]

[sub_resource type="StandardMaterial3D" id="StandardMaterial3D_qqytv"]
albedo_texture = ExtResource("1_dx73l")
texture_filter = 0
texture_repeat = false

[sub_resource type="StandardMaterial3D" id="StandardMaterial3D_gisak"]
albedo_texture = ExtResource("2_1grr8")
texture_filter = 0

[sub_resource type="ArrayMesh" id="ArrayMesh_mrs3n"]
_surfaces = [{
"aabb": AABB(-0.25, -1.5, -2, 0.5, 3.00001, 4),
"attribute_data": PackedByteArray(0, 0, 52, 67, 0, 0, 128, 194, 0, 0, 52, 67, 0, 0, 128, 193, 0, 0, 60, 67, 0, 0, 128, 193, 0, 0, 60, 67, 0, 0, 128, 194, 0, 0, 0, 194, 0, 0, 60, 195, 0, 0, 0, 66, 0, 0, 60, 195, 0, 0, 0, 66, 0, 0, 52, 195, 0, 0, 0, 194, 0, 0, 52, 195, 0, 0, 52, 67, 0, 0, 128, 194, 0, 0, 60, 67, 0, 0, 128, 194, 0, 0, 60, 67, 0, 0, 128, 193, 0, 0, 52, 67, 0, 0, 128, 193),
"format": 4119,
"index_count": 18,
"index_data": PackedByteArray(0, 0, 1, 0, 2, 0, 0, 0, 2, 0, 3, 0, 4, 0, 5, 0, 6, 0, 4, 0, 6, 0, 7, 0, 8, 0, 9, 0, 10, 0, 8, 0, 10, 0, 11, 0),
"primitive": 3,
"vertex_count": 12,
"vertex_data": PackedByteArray(0, 0, 128, 190, 0, 0, 192, 63, 0, 0, 0, 192, 255, 255, 255, 255, 255, 255, 255, 63, 0, 0, 128, 190, 0, 0, 192, 191, 0, 0, 0, 192, 255, 255, 255, 255, 255, 255, 255, 63, 0, 0, 128, 62, 0, 0, 192, 191, 0, 0, 0, 192, 255, 255, 255, 255, 255, 255, 255, 63, 0, 0, 128, 62, 0, 0, 192, 63, 0, 0, 0, 192, 255, 255, 255, 255, 255, 255, 255, 63, 0, 0, 128, 62, 0, 0, 192, 63, 0, 0, 0, 192, 255, 127, 255, 255, 255, 127, 255, 191, 0, 0, 128, 62, 0, 0, 192, 63, 0, 0, 0, 64, 255, 127, 255, 255, 255, 127, 255, 191, 0, 0, 128, 190, 0, 0, 192, 63, 0, 0, 0, 64, 255, 127, 255, 255, 255, 127, 255, 191, 0, 0, 128, 190, 0, 0, 192, 63, 0, 0, 0, 192, 255, 127, 255, 255, 255, 127, 255, 191, 0, 0, 128, 190, 0, 0, 192, 63, 0, 0, 0, 64, 255, 127, 255, 127, 255, 255, 255, 191, 0, 0, 128, 62, 0, 0, 192, 63, 0, 0, 0, 64, 255, 127, 255, 127, 255, 255, 255, 191, 0, 0, 128, 62, 0, 0, 192, 191, 0, 0, 0, 64, 255, 127, 255, 127, 255, 255, 255, 191, 0, 0, 128, 190, 0, 0, 192, 191, 0, 0, 0, 64, 255, 127, 255, 127, 255, 255, 255, 191)
}, {
"aabb": AABB(-0.25, -1.5, -2, 0.50001, 1.00136e-05, 4),
"attribute_data": PackedByteArray(253, 255, 15, 64, 33, 0, 128, 191, 253, 255, 7, 64, 31, 0, 128, 191, 3, 0, 8, 64, 151, 108, 122, 182, 3, 0, 16, 64, 238, 198, 130, 182),
"format": 4119,
"index_count": 6,
"index_data": PackedByteArray(0, 0, 1, 0, 2, 0, 0, 0, 2, 0, 3, 0),
"material": SubResource("StandardMaterial3D_qqytv"),
"primitive": 3,
"vertex_count": 4,
"vertex_data": PackedByteArray(0, 0, 128, 62, 0, 0, 192, 191, 0, 0, 0, 192, 255, 127, 0, 0, 254, 255, 255, 63, 0, 0, 128, 190, 0, 0, 192, 191, 0, 0, 0, 192, 255, 127, 0, 0, 254, 255, 255, 63, 0, 0, 128, 190, 0, 0, 192, 191, 0, 0, 0, 64, 255, 127, 0, 0, 254, 255, 255, 63, 0, 0, 128, 62, 0, 0, 192, 191, 0, 0, 0, 64, 255, 127, 0, 0, 254, 255, 255, 63)
}, {
"aabb": AABB(-0.25, -1.5, -2, 0.5, 3.00001, 4),
"attribute_data": PackedByteArray(0, 0, 128, 191, 255, 255, 127, 191, 148, 191, 214, 178, 255, 255, 127, 191, 148, 191, 214, 178, 130, 29, 58, 179, 0, 0, 128, 191, 130, 29, 58, 179, 19, 46, 22, 54, 230, 255, 127, 191, 9, 194, 8, 53, 184, 180, 214, 53, 247, 255, 127, 191, 108, 180, 197, 181, 218, 255, 127, 191, 13, 0, 128, 191),
"format": 4119,
"index_count": 12,
"index_data": PackedByteArray(0, 0, 1, 0, 2, 0, 0, 0, 2, 0, 3, 0, 4, 0, 5, 0, 6, 0, 4, 0, 6, 0, 7, 0),
"material": SubResource("StandardMaterial3D_gisak"),
"primitive": 3,
"vertex_count": 8,
"vertex_data": PackedByteArray(0, 0, 128, 190, 0, 0, 192, 63, 0, 0, 0, 192, 0, 0, 255, 127, 255, 127, 255, 191, 0, 0, 128, 190, 0, 0, 192, 63, 0, 0, 0, 64, 0, 0, 255, 127, 255, 127, 255, 191, 0, 0, 128, 190, 0, 0, 192, 191, 0, 0, 0, 64, 0, 0, 255, 127, 255, 127, 255, 191, 0, 0, 128, 190, 0, 0, 192, 191, 0, 0, 0, 192, 0, 0, 255, 127, 255, 127, 255, 191, 0, 0, 128, 62, 0, 0, 192, 63, 0, 0, 0, 192, 255, 255, 255, 127, 254, 255, 0, 128, 0, 0, 128, 62, 0, 0, 192, 191, 0, 0, 0, 192, 255, 255, 255, 127, 254, 255, 0, 128, 0, 0, 128, 62, 0, 0, 192, 191, 0, 0, 0, 64, 255, 255, 255, 127, 254, 255, 0, 128, 0, 0, 128, 62, 0, 0, 192, 63, 0, 0, 0, 64, 255, 255, 255, 127, 254, 255, 0, 128)
}]

[sub_resource type="Animation" id="Animation_8w7n6"]
resource_name = "Close"
tracks/0/type = "value"
tracks/0/imported = false
tracks/0/enabled = true
tracks/0/path = NodePath(".:position")
tracks/0/interp = 1
tracks/0/loop_wrap = true
tracks/0/keys = {
"times": PackedFloat32Array(0, 1),
"transitions": PackedFloat32Array(1, 1),
"update": 0,
"values": [Vector3(0, 4, 0), Vector3(0, 1.5, 0)]
}

[sub_resource type="Animation" id="Animation_ox134"]
resource_name = "Open"
tracks/0/type = "value"
tracks/0/imported = false
tracks/0/enabled = true
tracks/0/path = NodePath(".:position")
tracks/0/interp = 1
tracks/0/loop_wrap = true
tracks/0/keys = {
"times": PackedFloat32Array(0, 1),
"transitions": PackedFloat32Array(1, 1),
"update": 0,
"values": [Vector3(0, 1.5, 0), Vector3(0, 4, 0)]
}
tracks/1/type = "method"
tracks/1/imported = false
tracks/1/enabled = true
tracks/1/path = NodePath(".")
tracks/1/interp = 1
tracks/1/loop_wrap = true
tracks/1/keys = {
"times": PackedFloat32Array(1),
"transitions": PackedFloat32Array(1),
"values": [{
"args": [],
"method": &"DoorOpen"
}]
}

[sub_resource type="AnimationLibrary" id="AnimationLibrary_5gjrn"]
_data = {
"Close": SubResource("Animation_8w7n6"),
"Open": SubResource("Animation_ox134")
}

[sub_resource type="BoxShape3D" id="BoxShape3D_evpff"]
size = Vector3(0.540984, 3.01913, 3.99348)

[sub_resource type="ConcavePolygonShape3D" id="ConcavePolygonShape3D_1t8yt"]
data = PackedVector3Array(-0.25, 1.5, -2, -0.25, -1.5, -2, 0.25, -1.5, -2, -0.25, 1.5, -2, 0.25, -1.5, -2, 0.25, 1.5, -2, 0.25, 1.5, -2, 0.25, 1.5, 2, -0.25, 1.5, 2, 0.25, 1.5, -2, -0.25, 1.5, 2, -0.25, 1.5, -2, -0.25, 1.5, 2, 0.25, 1.5, 2, 0.25, -1.5, 2, -0.25, 1.5, 2, 0.25, -1.5, 2, -0.25, -1.5, 2, 0.25, -1.5, -2, -0.25, -1.5, -2, -0.25, -1.5, 2, 0.25, -1.5, -2, -0.25, -1.5, 2, 0.25, -1.5, 2, -0.25, 1.5, -2, -0.25, 1.5, 2, -0.25, -1.5, 2, -0.25, 1.5, -2, -0.25, -1.5, 2, -0.25, -1.5, -2, 0.25, 1.5, -2, 0.25, -1.5, -2, 0.25, -1.5, 2, 0.25, 1.5, -2, 0.25, -1.5, 2, 0.25, 1.5, 2)

[node name="Door" type="MeshInstance3D" groups=["Door", "Interactable"]]
transform = Transform3D(1, 0, 0, 0, 1, 0, 0, 0, 1, 0, 4, 0)
mesh = SubResource("ArrayMesh_mrs3n")
script = ExtResource("3_bpybx")

[node name="Area3D" type="Area3D" parent="." groups=["Door"]]

[node name="AnimationPlayer" type="AnimationPlayer" parent="Area3D"]
root_node = NodePath("../..")
libraries = {
"": SubResource("AnimationLibrary_5gjrn")
}

[node name="CollisionShape3D" type="CollisionShape3D" parent="Area3D"]
shape = SubResource("BoxShape3D_evpff")

[node name="Timer" type="Timer" parent="."]
wait_time = 3.0

[node name="entity_3_geometry_col" type="StaticBody3D" parent="."]

[node name="CollisionShape3D" type="CollisionShape3D" parent="entity_3_geometry_col"]
shape = SubResource("ConcavePolygonShape3D_1t8yt")

[node name="Door" parent="." instance=ExtResource("4_3eucv")]
transform = Transform3D(1, 0, 0, 0, 1, 0, 0, 0, 1, 1.06916, -1.5, 3.12961)

[connection signal="timeout" from="Timer" to="." method="_on_timer_timeout"]
